@article{stewart1958locomotion,
  title={Locomotion of wood ducks},
  author={Stewart, Paul A},
  journal={The Wilson Bulletin},
  pages={184--187},
  year={1958},
  publisher={JSTOR}
}
